<record><leader>00000cas a2200000 a 4500</leader><controlfield tag="001">12388949</controlfield><controlfield tag="008">850815d18451850iluwr ne      0    0eng c</controlfield><datafield ind1=" " ind2=" " tag="010"><subfield code="a">sn 85058216 </subfield></datafield><datafield ind1=" " ind2=" " tag="040"><subfield code="a">UNP</subfield><subfield code="b">eng</subfield><subfield code="c">UNP</subfield><subfield code="d">NJW</subfield><subfield code="d">NVF</subfield><subfield code="d">CVF</subfield><subfield code="d">NVF</subfield><subfield code="d">OCLCQ</subfield><subfield code="d">OCLCF</subfield><subfield code="d">OCLCO</subfield></datafield><datafield ind1="1" ind2=" " tag="029"><subfield code="a">AU@</subfield><subfield code="b">000020104146</subfield></datafield><datafield ind1=" " ind2=" " tag="042"><subfield code="a">pcc</subfield></datafield><datafield ind1=" " ind2=" " tag="043"><subfield code="a">n-us-il</subfield></datafield><datafield ind1="0" ind2=" " tag="130"><subfield code="a">Warsaw signal (Warsaw, Ill. : 1845)</subfield></datafield><datafield ind1="1" ind2="0" tag="245"><subfield code="a">Warsaw signal.</subfield></datafield><datafield ind1=" " ind2=" " tag="260"><subfield code="a">Warsaw, Ill. :</subfield><subfield code="b">Sharp &amp; Galloway,</subfield><subfield code="c">1845-1850.</subfield></datafield><datafield ind1=" " ind2=" " tag="300"><subfield code="a">v.</subfield></datafield><datafield ind1=" " ind2=" " tag="310"><subfield code="a">Weekly</subfield></datafield><datafield ind1="0" ind2=" " tag="362"><subfield code="a">Vol. 2, no. 1 (Mar. 5, 1845)-v. 6, no. 34 (Apr. 20, 1850).</subfield></datafield><datafield ind1=" " ind2=" " tag="500"><subfield code="a">Publishers: Sharp &amp; Galloway, 1845-Nov. 7, 1846 ; Thomas C. Sharp, Nov. 14, 1846-May 8, 1847 ; Th. Gregg, May 15-Nov. 27, 1847 ; Gregg &amp; Miller, Dec. 4, 1847-Dec. 14, 1848 ; Th. Gregg, Dec. 30, 1848-1850.</subfield></datafield><datafield ind1=" " ind2=" " tag="515"><subfield code="a">May 15, 1847-June 30, 1849 called also old ser., whole no. 326-428 = new ser., v. 4, no. 1-new ser., v. 5, no. 52.</subfield></datafield><datafield ind1=" " ind2=" " tag="525"><subfield code="a">Some issues accompanied by supplements.</subfield></datafield><datafield ind1=" " ind2="0" tag="650"><subfield code="a">Mormons</subfield><subfield code="z">Illinois</subfield><subfield code="v">Newspapers.</subfield></datafield><datafield ind1=" " ind2="0" tag="651"><subfield code="a">Warsaw (Ill.)</subfield><subfield code="v">Newspapers.</subfield></datafield><datafield ind1=" " ind2="7" tag="655"><subfield code="a">Newspapers.</subfield><subfield code="2">fast</subfield><subfield code="0">(OCoLC)fst01423814</subfield></datafield><datafield ind1=" " ind2="7" tag="650"><subfield code="a">Mormons.</subfield><subfield code="2">fast</subfield><subfield code="0">(OCoLC)fst01026314</subfield></datafield><datafield ind1=" " ind2="7" tag="651"><subfield code="a">Illinois.</subfield><subfield code="2">fast</subfield><subfield code="0">(OCoLC)fst01205143</subfield></datafield><datafield ind1=" " ind2="7" tag="651"><subfield code="a">Illinois</subfield><subfield code="z">Warsaw.</subfield><subfield code="2">fast</subfield><subfield code="0">(OCoLC)fst01262643</subfield></datafield><datafield ind1=" " ind2=" " tag="752"><subfield code="a">United States</subfield><subfield code="b">Illinois</subfield><subfield code="c">Hancock</subfield><subfield code="d">Warsaw.</subfield></datafield><datafield ind1="0" ind2="0" tag="780"><subfield code="t">Warsaw signal and agricultural, literary and commercial register</subfield><subfield code="w">(DLC)sn 85058215</subfield><subfield code="w">(OCoLC)12388919</subfield></datafield></record>